<record><leader>00000cas a22000007a 4500</leader><controlfield tag="001">11390916</controlfield><controlfield tag="008">841115d1907190umtuwr ne      0    0eng d</controlfield><datafield ind1=" " ind2=" " tag="010"><subfield code="a">sn 84036235 </subfield></datafield><datafield ind1=" " ind2=" " tag="040"><subfield code="a">MTL</subfield><subfield code="b">eng</subfield><subfield code="c">MTL</subfield><subfield code="d">OCLCQ</subfield></datafield><datafield ind1=" " ind2=" " tag="042"><subfield code="a">msc</subfield></datafield><datafield ind1="0" ind2="4" tag="245"><subfield code="a">The Clarke Fork herald.</subfield></datafield><datafield ind1=" " ind2=" " tag="260"><subfield code="a">Bridger, Mont. :</subfield><subfield code="b">L.P. Hyde,</subfield><subfield code="c">1907-</subfield></datafield><datafield ind1=" " ind2=" " tag="300"><subfield code="a">v. :</subfield><subfield code="b">ill.</subfield></datafield><datafield ind1=" " ind2=" " tag="310"><subfield code="a">Weekly</subfield></datafield><datafield ind1="0" ind2=" " tag="362"><subfield code="a">Vol. 1, no. 30 (Apr. 4, 1907)-</subfield></datafield><datafield ind1=" " ind2=" " tag="500"><subfield code="a">"Our politics - Republican."</subfield></datafield><datafield ind1=" " ind2=" " tag="752"><subfield code="a">United States</subfield><subfield code="b">Montana</subfield><subfield code="c">Carbon</subfield><subfield code="d">Bridger.</subfield></datafield><datafield ind1="0" ind2="0" tag="780"><subfield code="t">Bridger advocate</subfield><subfield code="w">(DLC)sn 84036234</subfield></datafield><datafield ind1="1" ind2=" " tag="029"><subfield code="a">AU@</subfield><subfield code="b">000025811603</subfield></datafield></record>